<collection><record><leader>00983nam a2200289Ii 4500</leader><controlfield tag="001">ocm02501626</controlfield><controlfield tag="005">19860717180632.0</controlfield><controlfield tag="008">761014s1834    sp       b    000 1 spa d</controlfield><datafield ind1=" " ind2=" " tag="020"><subfield code="a">8105610391</subfield></datafield><datafield ind1=" " ind2=" " tag="040"><subfield code="a">TXI</subfield><subfield code="c">TXI</subfield><subfield code="d">m.c.</subfield><subfield code="d">IOG</subfield><subfield code="d">WaOLN</subfield><subfield code="d">UtOrBLW</subfield></datafield><datafield ind1="1" ind2=" " tag="041"><subfield code="a">spa</subfield></datafield><datafield ind1=" " ind2=" " tag="049"><subfield code="a">IOGA [77992]</subfield></datafield><datafield ind1=" " ind2=" " tag="090"><subfield code="a">PQ6521</subfield><subfield code="b">.S3x 1834</subfield></datafield><datafield ind1=" " ind2=" " tag="090"><subfield code="a">PQ</subfield><subfield code="a">6521</subfield><subfield code="a">.S3x</subfield><subfield code="a">1834</subfield><subfield code="m">IOGA</subfield><subfield code="u">77992</subfield><subfield code="i">35030000980850</subfield></datafield><datafield ind1="1" ind2=" " tag="100"><subfield code="a">Espronceda, Jose de,</subfield><subfield code="d">1808-1842.</subfield></datafield><datafield ind1="1" ind2="0" tag="245"><subfield code="a">Sancho Saldana, o, El castellano de Cuellar :</subfield><subfield code="b">novela historica original del siglo XIII /</subfield><subfield code="c">por D. Jose de Espronceda.</subfield></datafield><datafield ind1=" " ind2=" " tag="260"><subfield code="a">Madrid :</subfield><subfield code="b">Repulles,</subfield><subfield code="c">1834.</subfield></datafield><datafield ind1=" " ind2=" " tag="300"><subfield code="a">6 v. in 1 ;</subfield><subfield code="c">18 cm.</subfield></datafield><datafield ind1=" " ind2=" " tag="500"><subfield code="a">Each volume paged separately.</subfield></datafield><datafield ind1=" " ind2=" " tag="500"><subfield code="a">Reimpresion, 1914.</subfield></datafield><datafield ind1=" " ind2=" " tag="504"><subfield code="a">Includes bibliographical references.</subfield></datafield><datafield ind1=" " ind2=" " tag="590"><subfield code="a">nk.</subfield></datafield><datafield ind1=" " ind2="0" tag="651"><subfield code="a">Spain</subfield><subfield code="x">History</subfield><subfield code="y">711-1516</subfield><subfield code="v">Fiction.</subfield></datafield><datafield ind1="0" ind2=" " tag="740"><subfield code="a">Castellano de Cuellar.</subfield></datafield><datafield ind1=" " ind2=" " tag="907"><subfield code="a">.b10980787</subfield><subfield code="b">06-16-09</subfield><subfield code="c">09-03-89</subfield></datafield><datafield ind1=" " ind2=" " tag="998"><subfield code="a">3rd</subfield><subfield code="b">07-17-86</subfield><subfield code="c">m</subfield><subfield code="d">a</subfield><subfield code="e">-</subfield><subfield code="f">spa</subfield><subfield code="g">sp </subfield><subfield code="h">0</subfield><subfield code="i">0</subfield></datafield><datafield ind1="e" ind2="b" tag="947" /></record>
</collection>